<?xml version="1.0" encoding="UTF-8"?>
<marcx:collection xmlns:marcx="info:lc/xmlns/marcxchange-v1">
    <marcx:record format="danMARC2" type="Bibliographic" xmlns:marcx="info:lc/xmlns/marcxchange-v1">
        <marcx:leader>00000n 2200000 4500</marcx:leader>
        <datafield ind1="0" ind2="0" tag="001">
            <subfield code="a">82646078</subfield>
            <subfield code="b">870970</subfield>
            <subfield code="c">20150210154828</subfield>
            <subfield code="d">19971111</subfield>
            <subfield code="f">a</subfield>
            <subfield code="o">c</subfield>
        </datafield>
        <datafield ind1="0" ind2="0" tag="004">
            <subfield code="r">n</subfield>
            <subfield code="a">e</subfield>
        </datafield>
        <datafield ind1="0" ind2="0" tag="008">
            <subfield code="t">m</subfield>
            <subfield code="u">r</subfield>
            <subfield code="a">1997</subfield>
            <subfield code="v">0</subfield>
            <subfield code="z">1997</subfield>
            <subfield code="b">dk</subfield>
            <subfield code="b">de</subfield>
            <subfield code="k">a</subfield>
            <subfield code="l">dan</subfield>
        </datafield>
        <datafield ind1="0" ind2="0" tag="009">
            <subfield code="a">a</subfield>
            <subfield code="g">xx</subfield>
        </datafield>
        <datafield ind1="0" ind2="0" tag="021">
            <subfield code="a">87-595-0956-2</subfield>
            <subfield code="c">hf.</subfield>
            <subfield code="d">kr. 198,00</subfield>
        </datafield>
        <datafield ind1="0" ind2="0" tag="032">
            <subfield code="a">DBF199811</subfield>
            <subfield code="x">SFD199811</subfield>
        </datafield>
        <datafield ind1="0" ind2="0" tag="100">
            <subfield code="a">Lyngby Jepsen</subfield>
            <subfield code="h">Hans</subfield>
        </datafield>
        <datafield ind1="0" ind2="0" tag="245">
            <subfield code="a">En ¤dag er vi lige gamle</subfield>
            <subfield code="c">erindringer</subfield>
            <subfield code="e">Hans Lyngby Jepsen</subfield>
        </datafield>
        <datafield ind1="0" ind2="0" tag="250">
            <subfield code="x">2. oplag</subfield>
            <subfield code="b">÷</subfield>
        </datafield>
        <datafield ind1="0" ind2="0" tag="260">
            <subfield code="&amp;">1</subfield>
            <subfield code="a">[Kbh.]</subfield>
            <subfield code="b">Lindhardt og Ringhof</subfield>
            <subfield code="c">1997</subfield>
            <subfield code="k">Clemenstr.</subfield>
        </datafield>
        <datafield ind1="0" ind2="0" tag="300">
            <subfield code="a">164 sider</subfield>
        </datafield>
        <datafield ind1="0" ind2="0" tag="504">
            <subfield code="&amp;">1</subfield>
            <subfield code="a">DETTE ER EN LILLE RETTELSE: Forfatteren (f. 1920) og tidligere formand for
                forfatterforeningen beskriver i sine erindringsglimt fra 1940'erne og til nutiden, bl.a. mødet med en
                række nu afdøde kolleger: Hans Kirk, Hans Scherfig, Thorkild Hansen, Palle Lauring og Tage K?rsted
            </subfield>
        </datafield>
        <datafield ind1="0" ind2="0" tag="520">
            <subfield code="a">Tidligere: 1. udgave. 1997</subfield>
        </datafield>
        <datafield ind1="0" ind2="0" tag="521">
            <subfield code="a">[1. oplag]</subfield>
            <subfield code="c">1997</subfield>
        </datafield>
        <datafield ind1="0" ind2="0" tag="521">
            <subfield code="b">2. oplag</subfield>
            <subfield code="c">1997</subfield>
        </datafield>
        <datafield ind1="0" ind2="0" tag="526">
            <subfield code="&amp;">1</subfield>
            <subfield code="a">3. del af: Til Andrea. Seriens indhold se denne</subfield>
        </datafield>
        <datafield ind1="0" ind2="0" tag="600">
            <subfield code="a">Lyngby Jepsen</subfield>
            <subfield code="h">Hans</subfield>
        </datafield>
        <datafield ind1="0" ind2="0" tag="652">
            <subfield code="å">1</subfield>
            <subfield code="m">99.4</subfield>
            <subfield code="a">Lyngby Jepsen</subfield>
            <subfield code="h">Hans</subfield>
        </datafield>
        <datafield ind1="0" ind2="0" tag="666">
            <subfield code="0"/>
            <subfield code="f">forfattere</subfield>
        </datafield>
        <datafield ind1="0" ind2="0" tag="666">
            <subfield code="0"/>
            <subfield code="i">1900-1999</subfield>
        </datafield>
        <datafield ind1="0" ind2="0" tag="666">
            <subfield code="0"/>
            <subfield code="e">Danmark</subfield>
        </datafield>
        <datafield ind1="0" ind2="0" tag="666">
            <subfield code="0"/>
            <subfield code="o">erindringer</subfield>
        </datafield>
        <datafield ind1="0" ind2="0" tag="900">
            <subfield code="a">Jepsen</subfield>
            <subfield code="h">Hans Lyngby</subfield>
            <subfield code="z">100</subfield>
        </datafield>
        <datafield ind1="0" ind2="0" tag="900">
            <subfield code="a">Jepsen</subfield>
            <subfield code="h">Hans Lyngby</subfield>
            <subfield code="z">652/1(a,h)</subfield>
        </datafield>
        <datafield ind1="0" ind2="0" tag="996">
            <subfield code="a">DBC</subfield>
        </datafield>
    </marcx:record>
</marcx:collection>